[gd_scene load_steps=37 format=2]

[ext_resource path="res://TileMap.gd" type="Script" id=1]
[ext_resource path="res://assets/office-background/WORK_stage02.jpg" type="Texture" id=2]
[ext_resource path="res://WORK_stage01.gd" type="Script" id=3]
[ext_resource path="res://assets/office-background/genericPlant.png" type="Texture" id=4]
[ext_resource path="res://assets/office-background/st4_posterboard01.png" type="Texture" id=5]
[ext_resource path="res://assets/office-background/computertable3sides.png" type="Texture" id=6]
[ext_resource path="res://assets/Robot parts/Companion-lateral.png" type="Texture" id=7]
[ext_resource path="res://follower.gd" type="Script" id=8]
[ext_resource path="res://scripts/character.gd" type="Script" id=9]
[ext_resource path="res://assets/icon.png" type="Texture" id=10]
[ext_resource path="res://assets/fail.png" type="Texture" id=11]
[ext_resource path="res://assets/success.png" type="Texture" id=12]
[ext_resource path="res://assistant.gd" type="Script" id=13]
[ext_resource path="res://assets/NPC1 (2).png" type="Texture" id=14]
[ext_resource path="res://assets/furnitures.png" type="Texture" id=15]
[ext_resource path="res://assets/logo-Lyra.png" type="Texture" id=16]
[ext_resource path="res://assets/Robot parts/Orangehead.png" type="Texture" id=17]
[ext_resource path="res://assets/Robot parts/Redhead.png" type="Texture" id=18]
[ext_resource path="res://assets/Robot parts/Handarm.png" type="Texture" id=19]
[ext_resource path="res://assets/Robot parts/Wheel.png" type="Texture" id=20]
[ext_resource path="res://assets/ping-pong.png" type="Texture" id=21]
[ext_resource path="res://build_robot.tscn" type="PackedScene" id=22]

[sub_resource type="RectangleShape2D" id=1]
extents = Vector2( 10.4779, 3.04288 )

[sub_resource type="AnimatedTexture" id=2]

[sub_resource type="Animation" id=3]
resource_name = "down"
length = 0.8
loop = true
tracks/0/type = "value"
tracks/0/path = NodePath(".:frame")
tracks/0/interp = 1
tracks/0/loop_wrap = true
tracks/0/imported = false
tracks/0/enabled = true
tracks/0/keys = {
"times": PoolRealArray( 0, 0.2, 0.4, 0.6 ),
"transitions": PoolRealArray( 1, 1, 1, 1 ),
"update": 1,
"values": [ 0, 1, 2, 3 ]
}

[sub_resource type="Animation" id=4]
resource_name = "left"
length = 0.6
loop = true
tracks/0/type = "value"
tracks/0/path = NodePath(".:frame")
tracks/0/interp = 1
tracks/0/loop_wrap = true
tracks/0/imported = false
tracks/0/enabled = true
tracks/0/keys = {
"times": PoolRealArray( 0, 0.2, 0.4 ),
"transitions": PoolRealArray( 1, 1, 1 ),
"update": 1,
"values": [ 8, 9, 10 ]
}

[sub_resource type="Animation" id=5]
length = 0.6
loop = true
tracks/0/type = "value"
tracks/0/path = NodePath(".:frame")
tracks/0/interp = 1
tracks/0/loop_wrap = true
tracks/0/imported = false
tracks/0/enabled = true
tracks/0/keys = {
"times": PoolRealArray( 0, 0.2, 0.4 ),
"transitions": PoolRealArray( 1, 1, 1 ),
"update": 1,
"values": [ 11, 12, 13 ]
}

[sub_resource type="Animation" id=6]
resource_name = "up"
length = 0.8
loop = true
tracks/0/type = "value"
tracks/0/path = NodePath(".:frame")
tracks/0/interp = 1
tracks/0/loop_wrap = true
tracks/0/imported = false
tracks/0/enabled = true
tracks/0/keys = {
"times": PoolRealArray( 0, 0.2, 0.201, 0.4, 0.6 ),
"transitions": PoolRealArray( 1, 1, 1, 1, 1 ),
"update": 1,
"values": [ 4, 5, 5, 6, 7 ]
}

[sub_resource type="CapsuleShape2D" id=7]
height = 32.321

[sub_resource type="RectangleShape2D" id=8]
extents = Vector2( 400.275, 11.0013 )

[sub_resource type="RectangleShape2D" id=9]
extents = Vector2( 403.433, 10 )

[sub_resource type="RectangleShape2D" id=10]
extents = Vector2( 10, 314.159 )

[sub_resource type="CapsuleShape2D" id=11]
height = 30.6316

[sub_resource type="AtlasTexture" id=12]
flags = 4
atlas = ExtResource( 15 )
region = Rect2( 258, 2.95, 92, 61.05 )

[sub_resource type="RectangleShape2D" id=13]
extents = Vector2( 75.7895, 20.0576 )

[sub_resource type="RectangleShape2D" id=14]
extents = Vector2( 41.2549, 32.9614 )

[node name="Node2D" type="Node2D"]

[node name="TileMap" type="TileMap" parent="."]
cell_y_sort = true
format = 1
script = ExtResource( 1 )

[node name="WORK_stage01" type="TextureRect" parent="TileMap"]
margin_left = 1.25
margin_top = 0.999817
margin_right = 801.25
margin_bottom = 601.0
texture = ExtResource( 2 )
expand = true
stretch_mode = 2
script = ExtResource( 3 )

[node name="plant" type="StaticBody2D" parent="TileMap"]
editor/display_folded = true
position = Vector2( 703.972, 67.1995 )

[node name="CollisionShape2D" type="CollisionShape2D" parent="TileMap/plant"]
position = Vector2( 22, 30 )
shape = SubResource( 1 )

[node name="TextureRect" type="TextureRect" parent="TileMap/plant"]
margin_left = -1.10803
margin_top = 1.0
margin_right = 43.892
margin_bottom = 53.0
texture = ExtResource( 4 )
expand = true

[node name="plant2" type="StaticBody2D" parent="TileMap"]
editor/display_folded = true
position = Vector2( 10.2881, 229.305 )

[node name="CollisionShape2D" type="CollisionShape2D" parent="TileMap/plant2"]
position = Vector2( 22, 30 )
shape = SubResource( 1 )

[node name="TextureRect" type="TextureRect" parent="TileMap/plant2"]
margin_left = -1.10803
margin_top = 1.0
margin_right = 43.892
margin_bottom = 53.0
texture = ExtResource( 4 )
expand = true

[node name="plant3" type="StaticBody2D" parent="TileMap"]
editor/display_folded = true
position = Vector2( 6.07761, 526.147 )

[node name="CollisionShape2D" type="CollisionShape2D" parent="TileMap/plant3"]
position = Vector2( 22, 30 )
shape = SubResource( 1 )

[node name="TextureRect" type="TextureRect" parent="TileMap/plant3"]
margin_left = -1.10803
margin_top = 1.0
margin_right = 43.892
margin_bottom = 53.0
texture = ExtResource( 4 )
expand = true

[node name="test" type="StaticBody2D" parent="TileMap"]
editor/display_folded = true
position = Vector2( 19.762, 368.252 )

[node name="CollisionShape2D" type="CollisionShape2D" parent="TileMap/test"]
position = Vector2( 22, 28 )
shape = SubResource( 1 )

[node name="TextureRect" type="TextureRect" parent="TileMap/test"]
margin_left = -1.10803
margin_top = 1.0
margin_right = 43.892
margin_bottom = 53.0
texture = ExtResource( 5 )
expand = true

[node name="test2" type="StaticBody2D" parent="TileMap"]
editor/display_folded = true
position = Vector2( 15.5514, 394.568 )

[node name="CollisionShape2D" type="CollisionShape2D" parent="TileMap/test2"]
position = Vector2( 22, 28 )
shape = SubResource( 1 )

[node name="TextureRect" type="TextureRect" parent="TileMap/test2"]
margin_left = -1.10803
margin_top = 1.0
margin_right = 43.892
margin_bottom = 53.0
texture = ExtResource( 5 )
expand = true

[node name="table" type="StaticBody2D" parent="TileMap"]
position = Vector2( 300, 250 )

[node name="computertable3sides" type="TextureRect" parent="TileMap/table"]
margin_top = -150.0
margin_right = 468.0
margin_bottom = 67.0
texture = ExtResource( 6 )

[node name="CollisionPolygon2D" type="CollisionPolygon2D" parent="TileMap/table"]
position = Vector2( 700, -297.895 )
polygon = PoolVector2Array( -683.801, 305.814, -242.211, 304.421, -243.263, 179.158, -301.158, 179.158, -303.263, 293.895, -687.474, 292.842 )

[node name="follower" type="Sprite" parent="TileMap"]
visible = false
scale = Vector2( 0.136886, 0.130486 )
texture = ExtResource( 7 )
normal_map = SubResource( 2 )
offset = Vector2( 0, -50 )
script = ExtResource( 8 )

[node name="character" type="KinematicBody2D" parent="TileMap"]
editor/display_folded = true
position = Vector2( 60, 80 )
script = ExtResource( 9 )

[node name="Sprite" type="Sprite" parent="TileMap/character"]
editor/display_folded = true
scale = Vector2( 0.27421, 0.274211 )
texture = ExtResource( 10 )
normal_map = SubResource( 2 )
vframes = 4
hframes = 4

[node name="c_animation" type="AnimationPlayer" parent="TileMap/character/Sprite"]
playback_speed = 1.2
anims/down = SubResource( 3 )
anims/left = SubResource( 4 )
anims/right = SubResource( 5 )
anims/up = SubResource( 6 )

[node name="CollisionShape2D" type="CollisionShape2D" parent="TileMap/character"]
shape = SubResource( 7 )

[node name="fail" type="TextureRect" parent="TileMap/character"]
visible = false
margin_left = -51.6316
margin_top = -142.421
margin_right = 53.3684
margin_bottom = -37.4211
texture = ExtResource( 11 )
expand = true

[node name="success" type="TextureRect" parent="TileMap/character"]
visible = false
margin_left = -54.7368
margin_top = -150.526
margin_right = 55.2632
margin_bottom = -35.5263
texture = ExtResource( 12 )
expand = true

[node name="floor" type="StaticBody2D" parent="TileMap"]
position = Vector2( 2.10526, 2.10526 )

[node name="CollisionShape2D" type="CollisionShape2D" parent="TileMap/floor"]
position = Vector2( 397.895, 609.474 )
shape = SubResource( 8 )

[node name="ceil" type="StaticBody2D" parent="TileMap"]
editor/display_folded = true
position = Vector2( 2.10526, 2.10526 )

[node name="CollisionShape2D" type="CollisionShape2D" parent="TileMap/ceil"]
position = Vector2( 400, 37.8947 )
shape = SubResource( 9 )

[node name="left" type="StaticBody2D" parent="TileMap"]
editor/display_folded = true

[node name="CollisionShape2D" type="CollisionShape2D" parent="TileMap/left"]
position = Vector2( -10.5263, 310.526 )
shape = SubResource( 10 )

[node name="right" type="StaticBody2D" parent="TileMap"]
editor/display_folded = true

[node name="CollisionShape2D" type="CollisionShape2D" parent="TileMap/right"]
position = Vector2( 811.579, 316.842 )
shape = SubResource( 10 )

[node name="assistant" type="StaticBody2D" parent="TileMap"]
editor/display_folded = true
position = Vector2( 671.579, 140 )
script = ExtResource( 13 )

[node name="Sprite" type="Sprite" parent="TileMap/assistant"]
position = Vector2( 1.05259, -3.6842 )
scale = Vector2( 0.255757, 0.275288 )
texture = ExtResource( 14 )
vframes = 4
hframes = 4
frame = 12

[node name="CollisionShape2D" type="CollisionShape2D" parent="TileMap/assistant"]
position = Vector2( 0, -4.21053 )
shape = SubResource( 11 )

[node name="PopupDialog" type="PopupDialog" parent="TileMap/assistant"]
editor/display_folded = true
margin_left = -69.0
margin_top = -98.2105
margin_right = 62.0
margin_bottom = -36.2105

[node name="RichTextLabel" type="RichTextLabel" parent="TileMap/assistant/PopupDialog"]
margin_left = 6.0
margin_top = 5.0
margin_right = 132.0
margin_bottom = 58.0
text = "Hello tech lead, I will help as much as I can!"

[node name="furniture" type="StaticBody2D" parent="TileMap"]
position = Vector2( 296.368, 16.4737 )

[node name="furniture" type="TextureRect" parent="TileMap/furniture"]
margin_right = 134.0
margin_bottom = 100.0
rect_pivot_offset = Vector2( 0, 100 )
texture = SubResource( 12 )
expand = true

[node name="CollisionShape2D" type="CollisionShape2D" parent="TileMap/furniture"]
position = Vector2( 73.6842, 43.1579 )
shape = SubResource( 13 )

[node name="logo-Lyra" type="TextureRect" parent="TileMap"]
margin_left = 146.421
margin_top = 23.4211
margin_right = 251.421
margin_bottom = 59.4211
texture = ExtResource( 16 )
expand = true

[node name="Node2D" type="Node2D" parent="TileMap"]
editor/display_folded = true
z_index = 1

[node name="Orangehead" type="TextureRect" parent="TileMap/Node2D"]
margin_left = 365.105
margin_top = 230.579
margin_right = 385.105
margin_bottom = 255.579
rect_pivot_offset = Vector2( 64.8948, 63.1802 )
texture = ExtResource( 17 )
expand = true

[node name="Orangehead2" type="TextureRect" parent="TileMap/Node2D"]
margin_left = 425.105
margin_top = 220.053
margin_right = 445.105
margin_bottom = 245.053
rect_pivot_offset = Vector2( 64.8948, 63.1802 )
texture = ExtResource( 18 )
expand = true

[node name="Orangehead3" type="TextureRect" parent="TileMap/Node2D"]
margin_left = 464.384
margin_top = 402.27
margin_right = 484.384
margin_bottom = 427.27
rect_rotation = 120.0
rect_pivot_offset = Vector2( 10, -81.5704 )
texture = ExtResource( 19 )
expand = true

[node name="Orangehead4" type="TextureRect" parent="TileMap/Node2D"]
margin_left = 442.279
margin_top = 248.586
margin_right = 462.279
margin_bottom = 273.586
rect_rotation = 70.0
texture = ExtResource( 20 )
expand = true

[node name="StaticBody2D2" type="StaticBody2D" parent="TileMap"]
position = Vector2( 756.593, 384.142 )

[node name="ping-pong" type="TextureRect" parent="TileMap/StaticBody2D2"]
margin_top = 24.0
margin_right = 99.0
margin_bottom = 148.0
rect_scale = Vector2( -1, 1 )
texture = ExtResource( 21 )
expand = true

[node name="CollisionShape2D" type="CollisionShape2D" parent="TileMap/StaticBody2D2"]
position = Vector2( -52.6171, 64.2238 )
shape = SubResource( 14 )

[node name="Node" parent="." instance=ExtResource( 22 )]
visible = false
